<?xml version="1.0" encoding="UTF-8"?><record xmlns="http://www.loc.gov/MARC21/slim" xmlns:cinclude="http://apache.org/cocoon/include/1.0" xmlns:zs="http://www.loc.gov/zing/srw/">
  <leader>01225cz  a2200217n  4500</leader>
  <controlfield tag="001">no2012067961</controlfield>
  <controlfield tag="003">DLC</controlfield>
  <controlfield tag="005">20160510075238.0</controlfield>
  <controlfield tag="008">120516n| azannaabn          |a aaa     c</controlfield>
  <datafield tag="010" ind1=" " ind2=" ">
    <subfield code="a">no2012067961</subfield>
  </datafield>
  <datafield tag="035" ind1=" " ind2=" ">
    <subfield code="a">(OCoLC)oca09199845</subfield>
  </datafield>
  <datafield tag="040" ind1=" " ind2=" ">
    <subfield code="a">MiFliG</subfield>
    <subfield code="b">eng</subfield>
    <subfield code="e">rda</subfield>
    <subfield code="c">MiFliG</subfield>
    <subfield code="d">MiFliG</subfield>
  </datafield>
  <datafield tag="046" ind1=" " ind2=" ">
    <subfield code="f">1939</subfield>
  </datafield>
  <datafield tag="100" ind1="1" ind2=" ">
    <subfield code="a">Trella, Thomas J.</subfield>
    <subfield code="q">(Thomas Joseph),</subfield>
    <subfield code="d">1939-</subfield>
  </datafield>
  <datafield tag="373" ind1=" " ind2=" ">
    <subfield code="a">United States Department of Transportation</subfield>
  </datafield>
  <datafield tag="400" ind1="1" ind2=" ">
    <subfield code="a">Trella, Thomas Joseph,</subfield>
    <subfield code="d">1939-</subfield>
  </datafield>
  <datafield tag="400" ind1="1" ind2=" ">
    <subfield code="a">Trella, T.</subfield>
    <subfield code="q">(Thomas Joseph),</subfield>
    <subfield code="d">1939-</subfield>
  </datafield>
  <datafield tag="670" ind1=" " ind2=" ">
    <subfield code="a">Lumper parameter modeling of a nonlinear pneumatic-mechanical system, 1971:</subfield>
    <subfield code="b">cover (Thomas J. Trella, Graduate Research Assistant, Ray W. Herrick Laboratories, School of Mechanical Engineering, Purdue University, Lafayette, Ind.)</subfield>
  </datafield>
  <datafield tag="670" ind1=" " ind2=" ">
    <subfield code="a">Malliaris, A. C. Engine cycle simulations and comparisons to real engine performance, 1976:</subfield>
    <subfield code="b">cover (T. Trella, United States Department of Transportation)</subfield>
  </datafield>
  <datafield tag="670" ind1=" " ind2=" ">
    <subfield code="a">OCLC, May 16, 2012</subfield>
    <subfield code="b">(hdg.: Trella, Thomas J.; Trella, Thomas Joseph, 1939- ; Trella, T. ; usage: Thomas J. Trella; T. Trella)</subfield>
  </datafield>
  <datafield tag="670" ind1=" " ind2=" ">
    <subfield code="a">Government-contractors.insidegov.com website, viewed May 9, 2016</subfield>
    <subfield code="b">(Trella, Thomas J. in Hollis, NH, contracting profile, Department of Transportation)</subfield>
  </datafield>
</record>